<record><leader>00000cas a22000007a 4500</leader><controlfield tag="001">13978814</controlfield><controlfield tag="008">860729c19699999txuwr ne      0    0eng d</controlfield><datafield ind1=" " ind2=" " tag="010"><subfield code="a">sn 86088050 </subfield></datafield><datafield ind1=" " ind2=" " tag="040"><subfield code="a">PPM</subfield><subfield code="b">eng</subfield><subfield code="c">PPM</subfield><subfield code="d">OCLCQ</subfield></datafield><datafield ind1=" " ind2=" " tag="042"><subfield code="a">msc</subfield></datafield><datafield ind1="0" ind2="0" tag="245"><subfield code="a">Callahan county star.</subfield></datafield><datafield ind1=" " ind2=" " tag="260"><subfield code="a">Baird, Tex. :</subfield><subfield code="b">Clifton Burfield,</subfield><subfield code="c">1969-</subfield></datafield><datafield ind1=" " ind2=" " tag="300"><subfield code="a">v. :</subfield><subfield code="b">ill.</subfield></datafield><datafield ind1=" " ind2=" " tag="310"><subfield code="a">Weekly</subfield></datafield><datafield ind1="0" ind2=" " tag="362"><subfield code="a">Vol. 85, no. 14 (Apr. 4, 1969)-</subfield></datafield><datafield ind1=" " ind2=" " tag="752"><subfield code="a">United States</subfield><subfield code="b">Texas</subfield><subfield code="c">Callahan</subfield><subfield code="d">Baird.</subfield></datafield><datafield ind1="0" ind2="4" tag="780"><subfield code="t">Baird star</subfield><subfield code="w">(DLC)sn 86088027</subfield></datafield><datafield ind1="0" ind2="4" tag="780"><subfield code="t">Clyde news</subfield><subfield code="w">(DLC)sn 86088418</subfield></datafield></record>